@article{barfoot2014associating,
  title={Associating uncertainty with three-dimensional poses for use in estimation problems},
  author={Barfoot, Timothy D and Furgale, Paul T},
  journal={IEEE Transactions on Robotics},
  volume={30},
  number={3},
  pages={679--693},
  year={2014},
  publisher={IEEE}
}